% 2017 - Michael Baudin - EDF R&D
%
@Inbook{Baudin2016,
author="Baudin, Micha{\"e}l and Dutfoy, Anne and Iooss, Bertrand and Popelin, Anne-Laure",
title="OpenTURNS: An Industrial Software for Uncertainty Quantification in Simulation",
bookTitle="Handbook of Uncertainty Quantification",
year="2016",
publisher="Springer International Publishing",
address="Cham",
pages="1--38",
isbn="978-3-319-11259-6",
doi="10.1007/978-3-319-11259-6_64-1",
url="http://dx.doi.org/10.1007/978-3-319-11259-6_64-1"
}

@UNPUBLISHED{OTurl,
author = {EADS and EDF and {Phimeca Engineering} and IMACS},
title = {OpenTURNS, An Open source initiative for the Treatment of Uncertainties, Risks'N Statistics},
note = {\url{www.openturns.org}}
}

@UNPUBLISHED{SALOMEurl,
author = {EDF and CEA and Open Cascade},
title = {SALOME, The Open Source Integration Platform for Numerical Simulation},
note = {\url{www.salome-platform.org}}
}

@UNPUBLISHED{PVurl,
author = {Kitware},
title = {Paraview},
note = {\url{www.paraview.org}}
}

@UNPUBLISHED{TELEMACurl,
title = {Open TELEMAC-MASCARET},
author={Electricit� de france and Sogreah and Hydraulic Research Wallingford and Centre d'Etudes Techniques Maritimes et Fluviales and Bundesanstalt fur Wasserbau and Daresbury Laboratory}, 
note = {\url{www.opentelemac.org}}
}

@article{Morris1991,
author = {Morris, M.D.},
year = {1991},
title = {Factorial Sampling Plans for Preliminary Computational Experiments},
journal = {Technometrics},
volume = {33},
pages = {161–174}
}
